
@BOOK{MS,
title={Создание приложения Windows Forms c помощью .NET Framework (C++) [Электронный ресурс]},
note={URL:~\url{http://msdn.microsoft.com/ru-ru/library/vstudio/ms235634(v=vs.100).aspx} (Дата обращения 10.01.2021). Загл. с экр. Яз. рус.},
}

@BOOK{MS1,
title={Конструктор Windows Forms [Электронный ресурс]},
note={URL:~\url{https://msdn.microsoft.com/ru-ru/library/e06hs424.aspx} (Дата обращения 10.01.2021). Загл. с экр. Яз. рус.},
}

@BOOK{BN,
  author       = {{\CYRB}ывы Нойес},
  title        = {Data Binding with Windows Forms 2.0: Programming Smart Client Data Applications with .NET (Microsoft .Net Development Series)},
  publisher    = {ИЛ},
  address      = {Москва},
  year         = {2006},
  language     = {english},
}

@BOOK{matrix,
  AUTHOR =       {{\CYRO} Эстербю},
  TITLE =        {Прямые методы для разреженных матриц},
  PUBLISHER =    {Мир},
  address =      {Москва},
  YEAR =         {1987},
  language =     {russian},
}

@BOOK{Pan,
  author       = {{\CYRT} Панюкова},
  title        = {Языки и методы программирования. Создание простых GUI-приложений с помощью Visual C++},
  publisher    = {URSS},
  address      = {Москва},
  year         = {2013},
  language     = {russian},
}

@BOOK{Boris,
  author       = {{\CYRB} Пахомов},
  title        = {C/C++ и MS Visual C++},
  publisher    = {БХВ-Петербург},
  address      = {СПб},
  year         = {2012},
  language     = {russian},
}

@BOOK{Kon,
  author       = {{\CYRE} Конова},
  title        = {Алгоритмы и программы. Язык С++.},
  publisher    = {Издательство <<Лань>>},
  address      = {СПб},
  year         = {2017},
  language     = {russian},
}

@BOOK{Sed,
  author       = {{\CYRR} Седжвик},
  title        = {Алгоритмы на C++},
  publisher    = {Диалектика},
  address      = {Москва},
  year         = {2011},
  language     = {russian},
}

@BOOK{Iv,
  author       = {Ivor Horton's},
  title        = {Beginning Visual C++ 2010},
  publisher    = {Wrox},
  address      = {Москва},
  year         = {2010},
  language     = {english},
}


@BOOK{STL,
  author       = {Scott Meyers},
  title        = {Effective STL},
  publisher    = {Williams},
  address      = {Boston},
  year         = {2011},
  language     = {english},
}
